@article{myPRB,
  title = {Collective induced antidiffusion effect and general magnon Boltzmann transport theory},
  author = {Liu, Tao and Wang, Wei and Zhang, Jianwei},
  journal = {Phys. Rev. B},
  volume = {99},
  issue = {21},
  pages = {214407},
  numpages = {13},
  year = {2019},
  month = {Jun},
  publisher = {American Physical Society},
  doi = {10.1103/PhysRevB.99.214407},
  url = {https://link.aps.org/doi/10.1103/PhysRevB.99.214407}
}

@proceedings{APSMarchMeeting,
  title={The H field dependence of magnon diffusion length basing on Boltzmann transport methods},
  author={Wei Wang and Tao Liu and Yuheng Li and et al},
  address={Boston: APS March Meeting},
  year={2019},
}